@misc{poole2022dreamfusion,
      title={DreamFusion: Text-to-3D using 2D Diffusion}, 
      author={Ben Poole and Ajay Jain and Jonathan T. Barron and Ben Mildenhall},
      year={2022},
      eprint={2209.14988},
      archivePrefix={arXiv},
      primaryClass={cs.CV}
}
@misc{sozai,
        title   = {ダ鳥獣戯画},
        note    = {\url{https://chojugiga.com/}},
}
@article{NeRF,
  author       = {Ben Mildenhall and
                  Pratul P. Srinivasan and
                  Matthew Tancik and
                  Jonathan T. Barron and
                  Ravi Ramamoorthi and
                  Ren Ng},
  title        = {NeRF: Representing Scenes as Neural Radiance Fields for View Synthesis},
  journal      = {CoRR},
  volume       = {abs/2003.08934},
  year         = {2020},
  url          = {https://arxiv.org/abs/2003.08934},
  eprinttype    = {arXiv},
  eprint       = {2003.08934},
  timestamp    = {Tue, 24 Mar 2020 16:42:29 +0100},
  biburl       = {https://dblp.org/rec/journals/corr/abs-2003-08934.bib},
  bibsource    = {dblp computer science bibliography, https://dblp.org}
}
@misc{Imagen,
      title={Photorealistic Text-to-Image Diffusion Models with Deep Language Understanding}, 
      author={Chitwan Saharia and William Chan and Saurabh Saxena and Lala Li and Jay Whang and Emily Denton and Seyed Kamyar Seyed Ghasemipour and Burcu Karagol Ayan and S. Sara Mahdavi and Rapha Gontijo Lopes and Tim Salimans and Jonathan Ho and David J Fleet and Mohammad Norouzi},
      year={2022},
      eprint={2205.11487},
      archivePrefix={arXiv},
      primaryClass={cs.CV}
}

@misc{TextInversion,
      title={An Image is Worth One Word: Personalizing Text-to-Image Generation using Textual Inversion}, 
      author={Rinon Gal and Yuval Alaluf and Yuval Atzmon and Or Patashnik and Amit H. Bermano and Gal Chechik and Daniel Cohen-Or},
      year={2022},
      eprint={2208.01618},
      archivePrefix={arXiv},
      primaryClass={cs.CV}
}