@article{DBLP:journals/corr/abs-1907-01623,
  author    = {Fernando de Mesentier Silva and
               Rodrigo Canaan and
               Scott Lee and
               Matthew C. Fontaine and
               Julian Togelius and
               Amy K. Hoover},
  title     = {Evolving the Hearthstone Meta},
  journal   = {CoRR},
  volume    = {abs/1907.01623},
  year      = {2019},
  url       = {http://arxiv.org/abs/1907.01623},
  eprinttype = {arXiv},
  eprint    = {1907.01623},
  timestamp = {Mon, 08 Jul 2019 14:12:33 +0200},
  biburl    = {https://dblp.org/rec/journals/corr/abs-1907-01623.bib},
  bibsource = {dblp computer science bibliography, https://dblp.org}
}