@book{緑本,
author = "久保隆宏",

title = "Pythonで学ぶ強化学習[改訂第2版] 入門から実践まで",

publisher = "講談社",

year = 2019,

}
@INPROCEEDINGS{DDA,
  author={Silva, Mirna Paula and do Nascimento Silva, Victor and Chaimowicz, Luiz},
  booktitle={2015 14th Brazilian Symposium on Computer Games and Digital Entertainment (SBGames)}, 
  title={Dynamic Difficulty Adjustment through an Adaptive AI}, 
  year={2015},
  volume={},
  number={},
  pages={173-182},
  doi={10.1109/SBGames.2015.16}
}