@ARTICLE{DQN,
       author = {{Mnih}, Volodymyr and {Kavukcuoglu}, Koray and {Silver}, David and {Graves}, Alex and {Antonoglou}, Ioannis and {Wierstra}, Daan and {Riedmiller}, Martin},
        title = "{Playing Atari with Deep Reinforcement Learning}",
      journal = {arXiv e-prints},
     keywords = {Computer Science - Machine Learning},
         year = 2013,
        month = dec,
          eid = {arXiv:1312.5602},
        pages = {arXiv:1312.5602},
archivePrefix = {arXiv},
       eprint = {1312.5602},
 primaryClass = {cs.LG},
       adsurl = {https://ui.adsabs.harvard.edu/abs/2013arXiv1312.5602M},
      adsnote = {Provided by the SAO/NASA Astrophysics Data System}
}

@misc{keras-rl,
        author  = {},
        title   = {},
        note    = {\url{https://github.com/keras-rl/keras-rl/blob/216c3145f3dc4d17877be26ca2185ce7db462bad/rl/agents/dqn.py}},
        year    = {}
}