@ARTICLE{HearthStone,
       author = {{de Mesentier Silva}, Fernando and {Canaan}, Rodrigo and {Lee}, Scott and {Fontaine}, Matthew C. and {Togelius}, Julian and {Hoover}, Amy K.},
        title = "{Evolving the Hearthstone Meta}",
      journal = {arXiv e-prints},
     keywords = {Computer Science - Artificial Intelligence, Computer Science - Neural and Evolutionary Computing},
         year = 2019,
        month = jul,
          eid = {arXiv:1907.01623},
        pages = {arXiv:1907.01623},
archivePrefix = {arXiv},
       eprint = {1907.01623},
 primaryClass = {cs.AI},
       adsurl = {https://ui.adsabs.harvard.edu/abs/2019arXiv190701623D},
      adsnote = {Provided by the SAO/NASA Astrophysics Data System}
}