@misc{reward,
        author  = {Cygames Engineers' Blog},
        title   = {ゲームAI 実践編 −Shadowverseに見るTCG AI開発の事例(1)−},
        note    = {\url{https://tech.cygames.co.jp/archives/2853/}},
        year    = {2016.07.27}
}
@misc{DQNcode,
        author  = {田中 遥輝},
        title   = {Keras-rlでゲームをプレイする強化学習AIを作る！},
        note    = {\url{https://qiita.com/TanakaSU/items/3221d7fe641aa7fd9006}},
        year    = {2022.03.21}
}
@misc{OpenAI,
        author  = {AGIRobots},
        title   = {OpenAI Gym用ラッパーの自作方法},
        note    = {\url{https://agirobots.com/openai-gym-custom-wrapper/}},
        year    = {2022.10.11}
}
