@ARTICLE{DQN,
       author = {{Wang}, Ziyu and {Schaul}, Tom and {Hessel}, Matteo and {van Hasselt}, Hado and {Lanctot}, Marc and {de Freitas}, Nando},
        title = "{Dueling Network Architectures for Deep Reinforcement Learning}",
      journal = {arXiv e-prints},
     keywords = {Computer Science - Machine Learning},
         year = 2015,
        month = nov,
          eid = {arXiv:1511.06581},
        pages = {arXiv:1511.06581},
archivePrefix = {arXiv},
       eprint = {1511.06581},
 primaryClass = {cs.LG},
       adsurl = {https://ui.adsabs.harvard.edu/abs/2015arXiv151106581W},
      adsnote = {Provided by the SAO/NASA Astrophysics Data System}
}
@ARTICLE{AlphaZero,
       author = {{Silver}, David and {Hubert}, Thomas and {Schrittwieser}, Julian and {Antonoglou}, Ioannis and {Lai}, Matthew and {Guez}, Arthur and {Lanctot}, Marc and {Sifre}, Laurent and {Kumaran}, Dharshan and {Graepel}, Thore and {Lillicrap}, Timothy and {Simonyan}, Karen and {Hassabis}, Demis},
        title = "{Mastering Chess and Shogi by Self-Play with a General Reinforcement Learning Algorithm}",
      journal = {arXiv e-prints},
     keywords = {Computer Science - Artificial Intelligence, Computer Science - Machine Learning},
         year = 2017,
        month = dec,
          eid = {arXiv:1712.01815},
        pages = {arXiv:1712.01815},
archivePrefix = {arXiv},
       eprint = {1712.01815},
 primaryClass = {cs.AI},
       adsurl = {https://ui.adsabs.harvard.edu/abs/2017arXiv171201815S},
      adsnote = {Provided by the SAO/NASA Astrophysics Data System}
}
@ARTICLE{OpenAIGym,
       author = {{Brockman}, Greg and {Cheung}, Vicki and {Pettersson}, Ludwig and {Schneider}, Jonas and {Schulman}, John and {Tang}, Jie and {Zaremba}, Wojciech},
        title = "{OpenAI Gym}",
      journal = {arXiv e-prints},
     keywords = {Computer Science - Machine Learning, Computer Science - Artificial Intelligence},
         year = 2016,
        month = jun,
          eid = {arXiv:1606.01540},
        pages = {arXiv:1606.01540},
archivePrefix = {arXiv},
       eprint = {1606.01540},
 primaryClass = {cs.LG},
       adsurl = {https://ui.adsabs.harvard.edu/abs/2016arXiv160601540B},
      adsnote = {Provided by the SAO/NASA Astrophysics Data System}
}