@misc{self,
        author  = {},
        title   = {Training in Competitive Multi-Agent Environments with Self-Play},
        note    = {\url{https://github.com/Unity-Technologies/ml-agents/blob/develop/docs/ML-Agents-Overview.md#training-in-competitive-multi-agent-environments-with-self-play}},
        year    = {}
}