
@misc{実装,
        author  = {Seth Kitchen},
        title   = {hearthstone-gym},
        note    = {\url{https://github.com/SethKitchen/hearthstone-gym}},
        year    = {2018}
}
@misc{パラメータ,
        author  = {goodclues},
        title   = {Pythonの強化学習ライブラリKeras-RLのパラメータ設定},
        note    = {\url{https://qiita.com/goodclues/items/9b2b618ac5ba4c3be1c5}},
        year    = {2019.08.19}
}
@misc{Optuna,
        author  = {Rakus Developer Blog},
        title   = {「Keras」とパラメータ最適化フレームワーク「Optuna」を使った2値分類モデルの作成},
        note    = {\url{https://tech-blog.rakus.co.jp/entry/20220527/keras}},
        year    = {2022.05.27}
}
@misc{Document,
        author  = {Keras-RL Documention},
        title   = {OverView},
        note    = {\url{https://keras-rl.readthedocs.io/en/latest/agents/overview/}},
        year    = {}
}