@article{MCSAIモデル,
  title={ディジタルゲームにおけるメタAI-キャラクターAI-スペーシャルAI 動的連携モデル},
  author={三宅 陽一郎},
  journal={人工知能学会全国大会論文集},
  volume={JSAI2020},
  number={ },
  pages={1P4GS701-1P4GS701},
  year={2020},
  doi={10.11517/pjsai.JSAI2020.0_1P4GS701}
}
@article{FPS,
author="宋, 亜成 and 三宅, 陽一郎",
title="メタAI を用いたFPS ゲーム難易度の自動チューニング",
journal="ゲームプログラミングワークショップ2021論文集",
year="2021",
month="11",
volume="2021",
pages="49-56",
URL="https://cir.nii.ac.jp/crid/1050855522081348096"
}
@misc{サンプルコード,
        author  = {Siliconifier},
        title   = {Python-Unity-Socket-Communication},
        note    = {\url{https://github.com/Siliconifier/Python-Unity-Socket-Communication}},
        year    = {2019.06}
}