
@misc{DQNparam,
        author  = {goodclues},
        title   = {Pythonの強化学習ライブラリKeras-RLのパラメータ設定},
        note    = {\url{https://qiita.com/goodclues/items/9b2b618ac5ba4c3be1c5}},
        year    = {2019,08,19}
}
@misc{targetnetwork,
        author  = {たぬきねこ},
        title   = {【深層強化学習】【DQN】Target Network},
        note    = {\url{https://www.tcom242242.net/entry/ai-2/%E5%BC%B7%E5%8C%96%E5%AD%A6%E7%BF%92/target-network/}},
        year    = {2020.09.18}
}
@ARTICLE{ReBeL,
       author = {{Brown}, Noam and {Bakhtin}, Anton and {Lerer}, Adam and {Gong}, Qucheng},
        title = "{Combining Deep Reinforcement Learning and Search for Imperfect-Information Games}",
      journal = {arXiv e-prints},
     keywords = {Computer Science - Computer Science and Game Theory, Computer Science - Artificial Intelligence, Computer Science - Machine Learning},
         year = 2020,
        month = jul,
          eid = {arXiv:2007.13544},
        pages = {arXiv:2007.13544},
archivePrefix = {arXiv},
       eprint = {2007.13544},
 primaryClass = {cs.GT},
       adsurl = {https://ui.adsabs.harvard.edu/abs/2020arXiv200713544B},
      adsnote = {Provided by the SAO/NASA Astrophysics Data System}
}
@misc{DreamerV2,
        author  = {Danijar Hafner},
        title   = {Mastering Atari with Discrete World Models},
        note    = {\url{https://ai.googleblog.com/2021/02/mastering-atari-with-discrete-world.html}},
        year    = {2021,02,18}
}
@misc{MuZero,
        author  = {Adam Cain, Jim Kynvin and Aleksandrs Polozuns},
        title   = {MuZero: Mastering Go, chess, shogi and Atari without rules},
        note    = {\url{https://www.deepmind.com/blog/muzero-mastering-go-chess-shogi-and-atari-without-rules}},
        year    = {2020,12,23}
}